@misc{TheMendeleySupportTeam2011,
abstract = {A quick introduction to Mendeley. Learn how Mendeley creates your personal digital library, how to organize and annotate documents, how to collaborate and share with colleagues, and how to generate citations and bibliographies.},
address = {London},
author = {{The Mendeley Support Team}},
booktitle = {Mendeley Desktop},
file = {:C$\backslash$:/Program Files (x86)/Mendeley Desktop/FAQ.pdf:pdf},
keywords = {Mendeley,how-to,user manual},
pages = {1--16},
publisher = {Mendeley Ltd.},
title = {{Getting Started with Mendeley}},
url = {http://www.mendeley.com},
year = {2011}
}
@article{Loo,
author = {Loo, Janneke Van De and Pauw, Guy De and Gemmeke, Jort F and Karsmakers, Peter and Broeck, Bert Van Den and Daelemans, Walter and Van, Hugo},
file = {:C$\backslash$:/Users/vinceun/AppData/Local/Mendeley Ltd./Mendeley Desktop/Downloaded/Loo et al. - Unknown - Towards Shallow Grammar Induction for an Adaptive Assistive Vocal Interface a Concept Tagging Approach.pdf:pdf},
title = {{Towards Shallow Grammar Induction for an Adaptive Assistive Vocal Interface : a Concept Tagging Approach}}
}
@article{,
file = {:C$\backslash$:/Users/vinceun/AppData/Local/Mendeley Ltd./Mendeley Desktop/Downloaded/Unknown - Unknown - Spoken Languge Understanding.pdf:pdf},
title = {{Spoken Languge Understanding}}
}
@article{Driesen,
author = {Driesen, Joris},
file = {:C$\backslash$:/Users/vinceun/Documents/school/2e master 2013-2014/thesis/literatuurstudie/teksten/driesen-thes06.pdf:pdf},
title = {{Voorwoord Symbolenlijst}}
}
@article{Ons,
author = {Ons, Bart and Tessema, Netsanet and Loo, Janneke Van De and Gemmeke, Jort F and Pauw, Guy De and Daelemans, Walter and Van, Hugo},
file = {:C$\backslash$:/Users/vinceun/Documents/school/2e master 2013-2014/thesis/literatuurstudie/teksten/paper\_v10\_final.pdf:pdf},
title = {{A Self Learning Vocal Interface for Speech-impaired Users}}
}
@article{Tessema,
author = {Tessema, Netsanet and Ons, Bart and Loo, Janneke Van De and Gemmeke, Jort F and Pauw, Guy De and Daelemans, Walter and Van, Hugo},
file = {:C$\backslash$:/Users/vinceun/Documents/school/2e master 2013-2014/thesis/literatuurstudie/teksten/technical\_report\_GDP\_JL\_NT\_BO.pdf:pdf},
title = {{Technical Report ( ALADIN-TR01 )}}
}
